%https://www.overleaf.com/learn/latex/Bibliography_management_with_biblatex#Reference_guide
@article{windup,
   title = "Anti-reset Windup for PID Controllers",
   journal = "IFAC Proceedings Volumes",
   volume = "23",
   number = "8, Part 4",
   pages = "453 - 458",
   year = "1990",
   note = "11th IFAC World Congress on Automatic Control, Tallinn, 1990 - Volume 4, Tallinn, Finland",
   issn = "1474-6670",
   doi = "10.1016/S1474-6670(17)51865-0",
   url = "http://www.sciencedirect.com/science/article/pii/S1474667017518650",
   author = "L. Rundqwist",
   keywords = "PID control, process control, saturation, implementation",
   abstract = "This paper describes and compares a number of ways of avoiding integrator windup for proportional-integral-derivative (PID) controllers. It covers both a number of ad hoc schemes and a general procedure to avoid windup, which admits a unification of the ideas.  Design rules for anti-wind up in general purpose PID controllers are derived and tested in simulations and experiments." } 
@TECHREPORT{att_control,
	author = {Brescianini, Dario and Hehn, Markus and D'Andrea, Raffaello},
	publisher = {EidgenÃ¶ssische Technische Hochschule ZÃ¼rich, Departement Maschinenbau und Verfahrenstechnik},
	year = {2013},
	language = {en},
	copyright = {In Copyright - Non-Commercial Use Permitted},
	keywords = {HUBSCHRAUBER, QUADROKOPTER, MULTIKOPTER (LUFTFAHRTTECHNIK); UNBEMANNTE FLUGZEUGE (LUFTFAHRTTECHNIK); FLUGLAGESTEUERUNGSANLAGEN (LUFTFAHRTTECHNIK); NICHTLINEARE REGELSYSTEME (AUTOMATISCHE REGELUNG); HELICOPTERS, QUADROTORS, MULTIROTORS (AERONAUTICAL ENGINEERING); UNMANNED AIR VEHICLES (AERONAUTICAL ENGINEERING); AUTOPILOT (AERONAUTICAL ENGINEERING); NONLINEAR CONTROL SYSTEMS (AUTOMATIC CONTROL)},
	size = {Online-Ressource},
	adress = {ZÃ¼rich},
	DOI = {10.3929/ethz-a-009970340},
	title = {Nonlinear Quadrocopter Attitude Control. Technical Report}
}
@ARTICLE{6299172, 
   author={H. {Lim} and J. {Park} and D. {Lee} and H. J. {Kim}}, 
   journal={IEEE Robotics Automation Magazine}, 
   title={Build Your Own Quadrotor: Open-Source Projects on Unmanned Aerial Vehicles}, 
   year={2012}, 
   volume={19}, 
   number={3}, 
   pages={33-45}, 
   keywords={autonomous aerial vehicles;open source projects;unmanned aerial vehicles;quadrotor UAV;Unmanned aerial vehicles;Rotors;Remotely operated vehicles;Actuators}, 
   doi={10.1109/MRA.2012.2205629}, 
   ISSN={1070-9932}, 
   month={Sep.}
}
@INPROCEEDINGS{7140074, 
   author={L. {Meier} and D. {Honegger} and M. {Pollefeys}}, 
   booktitle={2015 IEEE International Conference on Robotics and Automation (ICRA)}, 
   title={PX4: A node-based multithreaded open source robotics framework for deeply embedded platforms}, 
   year={2015}, 
   volume={}, 
   number={}, 
   pages={6235-6240}, 
   keywords={application program interfaces;embedded systems;Linux;middleware;open systems;public domain software;robot programming;PX4;node-based multithreaded open source robotics framework;deeply embedded platforms;deeply embedded robotics middleware;programming environment;multithreaded design pattern;publish-subscribe design pattern;Unix-like software interface;microcontroller;deeply embedded open source systems;standards-oriented platform;publish-subscribe object request broker;POSIX application programming interface;vertical takeoff and landing;VTOL;ROS nodes;Linux;interoperability;Linux;Hardware;Computer architecture;Vehicles;Software;Robot sensing systems}, 
   doi={10.1109/ICRA.2015.7140074}, 
   ISSN={1050-4729}, 
   month={May},}
@book{disenno-aviones,
  title={Small unmanned aircraft: Theory and practice},
  author={Beard, Randal W and McLain, Timothy W},
  year={2012},
  publisher={Princeton university press}
}
@article{tiltrotor-control,
   title = "Autonomous Hovering of a Noncyclic Tiltrotor UAV: Modeling,
   Control and Implementation",
   journal = "IFAC Proceedings Volumes",
   volume = "41",
   number = "2",
   pages = "803 - 808",
   year = "2008",
   note = "17th IFAC World Congress",
   issn = "1474-6670",
   doi = {10.3182/20080706-5-KR-1001.00138},
   url =
      "http://www.sciencedirect.com/science/article/pii/S1474667016390486",
   author = "A. Sanchez and J. Escareño and O. Garcia and R. Lozano",
   abstract = "The aim of this paper is to present a mini tilt-rotor
      unmanned aerial vehicle which is capable to perform hover flight.
      Unlike conventional full-scale tiltrotors, in our design we avoid the
      use of swashplate and we propose a simpler mechanical design which
      use only the tilting rotors to stabilize the vehicle dynamics. A
      detailed mathematical model is derived via the Newton-Euler
      formalism. A nonlinear control scheme, incorporating bounded smooth
      function, is obtained from the decoupled dynamics and applied to real
      prototype for controlling hover flight."
}
@online{mercado-drones,
  author = {Andrew Liptak},
  title = {The FAA says the commercial drone market could triple in size by 2023},
  year = 2019,
  url = {https://www.theverge.com/2019/5/4/18529241/faa-annual-aviation-report-hobby-commercial-drones-prediction-2023},
  urldate = {2019-07-05}
}
@article{tiltrotor-review,
   title = "Control techniques of tilt rotor unmanned aerial vehicle systems: A review",
   journal = "Chinese Journal of Aeronautics",
   volume = "30",
   number = "1",
   pages = "135 - 148",
   year = "2017",
   issn = "1000-9361",
   doi = {10.1016/j.cja.2016.11.001},
   url = "http://www.sciencedirect.com/science/article/pii/S1000936116302199",
   author = "Zhong Liu and Yuqing He and Liying Yang and Jianda Han",
   keywords = "Aircraft structures, Dynamics modeling, Flight control, Tilt rotors, Unmanned aerial vehicle (UAV)"
}
@article{tiltrotor-control2,
   title = "Modeling and Control of a Tiltrotor UAV for Path Tracking",
   journal = "IFAC Proceedings Volumes",
   volume = "47",
   number = "3",
   pages = "3839 - 3844",
   year = "2014",
   note = "19th IFAC World Congress",
   issn = "1474-6670",
   doi = {10.3182/20140824-6-ZA-1003.01735},
   url = "http://www.sciencedirect.com/science/article/pii/S1474667016422020",
   author = "R. Donadel and G.V. Raffo and L.B. Becker",
   keywords = "Tiltrotor UAV, dynamic modeling, robust control, path tracking"
}
@online{telefonica,
  title = {Telefónica realiza con éxito un piloto con drones basado en soluciones IoT para la detección temprana de incendios},
  year = 2019,
  url = {https://www.telefonica.com/web/sala-de-prensa/-/telefonica-realiza-con-exito-un-piloto-con-drones-basado},
  urldate = {2019-07-05}
}
@article{optimizacion,
   author={A. Q. {Ansari} and {Ibraheem} and S. {Katiyar}},
   booktitle={2014 Innovative Applications of Computational Intelligence on
      Power, Energy and Controls with their impact on Humanity (CIPECH)},
   title={Application of ant colony algorithm for calculation and analysis
      of performance indices for adaptive control system},
   year={2014},
   pages={466-471},
   doi={10.1109/CIPECH.2014.7019078},
   month={Nov}
}
@TECHREPORT{omega2eulerd,
    author = {Randal W. Beard},
    title = {Quadrotor dynamics and control},
    year = {2008},
    url = "http://hdl.lib.byu.edu/1877/624"
}
